<collection xmlns="http://www.loc.gov/MARC21/slim">
<record>
  <leader>01345nam0a22002651i 450 </leader>
  <controlfield tag="001">IT\ICCU\CNCE\066692</controlfield>
  <controlfield tag="005">20060920000000.0</controlfield>
  <datafield tag="012" ind1=" " ind2=" ">
    <subfield code="a">raro n.e. one- dade (3) 1575 (A)</subfield>
    <subfield code="2">fei</subfield>
  </datafield>
  <datafield tag="100" ind1=" " ind2=" ">
    <subfield code="a">20060907d1575        0itac0103    ba</subfield>
  </datafield>
  <datafield tag="101" ind1=" " ind2=" ">
    <subfield code="a">ITA</subfield>
  </datafield>
  <datafield tag="102" ind1=" " ind2=" ">
    <subfield code="a">IT</subfield>
  </datafield>
  <datafield tag="200" ind1="1" ind2=" ">
    <subfield code="a">Orationi deuote commodate al senso de gli Euangelii, della Quaresima. Cominciando dal primo giorno d&apos;essa per infino al terzo di di Pasqua; ... composte per il venerabile religioso Landolfo Certosino, ... et di nuouo poste in luce per f. Thomaso de San Zuane Paolo</subfield>
  </datafield>
  <datafield tag="210" ind1=" " ind2=" ">
    <subfield code="a">In Venetia</subfield>
    <subfield code="c">appresso Iacomo Vidali</subfield>
    <subfield code="d">1575</subfield>
  </datafield>
  <datafield tag="215" ind1=" " ind2=" ">
    <subfield code="a">30, \2! c.</subfield>
    <subfield code="d">24ʻ</subfield>
  </datafield>
  <datafield tag="620" ind1=" " ind2=" ">
    <subfield code="a">IT</subfield>
    <subfield code="d">Venezia</subfield>
  </datafield>
  <datafield tag="700" ind1=" " ind2="0">
    <subfield code="a">Ludolph</subfield>
    <subfield code="c"> : von#Sachsen</subfield>
    <subfield code="3">IT\ICCU\CNCA\003212</subfield>
  </datafield>
  <datafield tag="712" ind1="0" ind2="0">
    <subfield code="a">Vidali, Giacomo</subfield>
    <subfield code="3">IT\ICCU\CNCT\000533</subfield>
    <subfield code="4">650</subfield>
  </datafield>
  <datafield tag="790" ind1=" " ind2="0">
    <subfield code="a">Landolfo</subfield>
    <subfield code="c"> : di#Sassonia</subfield>
    <subfield code="3">IT\ICCU\CNCA\014464</subfield>
    <subfield code="z">Ludolph : von#Sachsen</subfield>
  </datafield>
  <datafield tag="790" ind1=" " ind2="0">
    <subfield code="a">Ludolphus</subfield>
    <subfield code="c"> : Carthusiensis</subfield>
    <subfield code="3">IT\ICCU\CNCA\014580</subfield>
    <subfield code="z">Ludolph : von#Sachsen</subfield>
  </datafield>
  <datafield tag="790" ind1=" " ind2="0">
    <subfield code="a">Ludolphus</subfield>
    <subfield code="c"> : Saxo</subfield>
    <subfield code="3">IT\ICCU\CNCA\014581</subfield>
    <subfield code="z">Ludolph : von#Sachsen</subfield>
  </datafield>
  <datafield tag="790" ind1=" " ind2="0">
    <subfield code="a">Ludolphus</subfield>
    <subfield code="c"> : de#Saxonia</subfield>
    <subfield code="3">IT\ICCU\CNCA\014582</subfield>
    <subfield code="z">Ludolph : von#Sachsen</subfield>
  </datafield>
  <datafield tag="791" ind1="0" ind2="0">
    <subfield code="a">Vitalis, Iacobus</subfield>
    <subfield code="3">IT\ICCU\CNCT\002944</subfield>
    <subfield code="z">Vidali, Giacomo</subfield>
  </datafield>
  <datafield tag="791" ind1="0" ind2="0">
    <subfield code="a">Vitalibus, Iacobus de</subfield>
    <subfield code="3">IT\ICCU\CNCT\005882</subfield>
    <subfield code="z">Vidali, Giacomo</subfield>
  </datafield>
  <datafield tag="801" ind1=" " ind2="3">
    <subfield code="a">IT</subfield>
    <subfield code="b">ICCU</subfield>
    <subfield code="c">20201115</subfield>
  </datafield>
  <datafield tag="899" ind1=" " ind2=" ">
    <subfield code="a">Biblioteca universitaria Alessandrina. Roma</subfield>
    <subfield code="1">RM0280</subfield>
    <subfield code="2">RML 01</subfield>
  </datafield>
</record>
</collection>
